<?xml version="1.0" encoding="UTF-8"?><collection xmlns="http://www.loc.gov/MARC21/slim"><record><leader>00656nam--2200205-u-4500</leader><controlfield tag="001">000051304</controlfield><controlfield tag="002">20161230</controlfield><controlfield tag="005">20161230201049</controlfield><controlfield tag="008">080617s1000------------r-----000-0-eng-d</controlfield><datafield ind1=" " ind2=" " tag="040"><subfield code="a">IFIN-HH</subfield></datafield><datafield ind1=" " ind2=" " tag="080"><subfield code="a">517</subfield></datafield><datafield ind1="1" ind2=" " tag="100"><subfield code="a">Goursat, Edouard</subfield></datafield><datafield ind1="1" ind2="0" tag="245"><subfield code="a">Cours d'analyse mathematique. Tome II Theorie des fonctions analytuque. Equations differentielles. Equations aux derivees partielles du premier ordre</subfield></datafield><datafield ind1=" " ind2=" " tag="250"><subfield code="a">Septieme edition</subfield></datafield><datafield ind1=" " ind2=" " tag="260"><subfield code="a">Paris</subfield><subfield code="b">Gauthier-Villars</subfield><subfield code="c">1949</subfield></datafield><datafield ind1=" " ind2=" " tag="300"><subfield code="a">690 p</subfield></datafield><datafield ind1=" " ind2=" " tag="490"><subfield code="a">Cours de la Faculte des Sciences de Paris</subfield><subfield code="v">Tome II</subfield></datafield><datafield ind1="1" ind2=" " tag="700"><subfield code="a">Edouard Goursat</subfield></datafield><datafield ind1=" " ind2=" " tag="852"><subfield code="a">1662</subfield><subfield code="c">517</subfield></datafield><datafield ind1=" " ind2=" " tag="CAT"><subfield code="a">Sys</subfield><subfield code="c">20080617</subfield><subfield code="h">094313</subfield></datafield></record></collection>